<collection xmlns="http://www.loc.gov/MARC21/slim">
<record>
  <leader>00791nam0a22001331i 450 </leader>
  <controlfield tag="001">IT\ICCU\CNCE\065358</controlfield>
  <controlfield tag="005">20060721000000.0</controlfield>
  <datafield tag="100" ind1=" " ind2=" ">
    <subfield code="a">20060721d1565        0itac0103    ba</subfield>
  </datafield>
  <datafield tag="101" ind1=" " ind2=" ">
    <subfield code="a">LAT</subfield>
  </datafield>
  <datafield tag="102" ind1=" " ind2=" ">
    <subfield code="a">DE</subfield>
  </datafield>
  <datafield tag="200" ind1="1" ind2=" ">
    <subfield code="a">Marsilii Ficini, philosophi platonici, medici atque theologi omnium pristantissimi, operum: in quo comprihenduntur ea, quae ex graeco in latinum sermonem doctissime transtulit, exceptis Platone atq; Plotino philosophis, quorum tamen epitomi, seu argumenta, commentaria, collectanea, &amp; annotationes quotquot uel edita antea, uel hactenus non uisa magno studio collecta, extant, etiam compendij loco adijcere, in philosophiae studiosorum gratiam placuit</subfield>
  </datafield>
  <datafield tag="210" ind1=" " ind2=" ">
    <subfield code="a">Basilea</subfield>
    <subfield code="c">per Henricum Petri</subfield>
    <subfield code="d">mense martio anno 1565</subfield>
  </datafield>
  <datafield tag="300" ind1=" " ind2=" ">
    <subfield code="a">Annullata. Ed. straniera</subfield>
  </datafield>
  <datafield tag="801" ind1=" " ind2="3">
    <subfield code="a">IT</subfield>
    <subfield code="b">ICCU</subfield>
    <subfield code="c">20201115</subfield>
  </datafield>
</record>
</collection>
